<record><leader>00000cas a2200000 a 4500</leader><controlfield tag="001">33134585</controlfield><controlfield tag="007">hd bfu---baat</controlfield><controlfield tag="007">hd afu---bact</controlfield><controlfield tag="008">950914d18881965nbuwr nea     0    0eng d</controlfield><datafield ind1=" " ind2=" " tag="010"><subfield code="a">sn 95073016 </subfield></datafield><datafield ind1=" " ind2=" " tag="040"><subfield code="a">NVG</subfield><subfield code="b">eng</subfield><subfield code="c">NVG</subfield><subfield code="d">OCL</subfield><subfield code="d">OCLCQ</subfield><subfield code="d">OCLCF</subfield><subfield code="d">OCLCO</subfield></datafield><datafield ind1="1" ind2=" " tag="029"><subfield code="a">AU@</subfield><subfield code="b">000011994418</subfield></datafield><datafield ind1=" " ind2=" " tag="042"><subfield code="a">msc</subfield></datafield><datafield ind1=" " ind2=" " tag="043"><subfield code="a">n-us-nb</subfield></datafield><datafield ind1="0" ind2="0" tag="245"><subfield code="a">Trenton register</subfield><subfield code="h">[microform].</subfield></datafield><datafield ind1="1" ind2=" " tag="246"><subfield code="i">Title in publisher's box:</subfield><subfield code="a">Trenton register and Republican Valley news</subfield><subfield code="f">Apr. 17-Sept. 18, 1891</subfield></datafield><datafield ind1="1" ind2="3" tag="246"><subfield code="a">Republican Valley news</subfield><subfield code="f">Apr. 10-May 8, 1891</subfield></datafield><datafield ind1="1" ind2="3" tag="246"><subfield code="a">Stratton register</subfield><subfield code="f">May 15-&lt;Nov. 27, 1891&gt;</subfield></datafield><datafield ind1=" " ind2=" " tag="260"><subfield code="a">Trenton, Neb. :</subfield><subfield code="b">Floyd, DeWald &amp; Floyd,</subfield><subfield code="c">-1965.</subfield></datafield><datafield ind1=" " ind2=" " tag="300"><subfield code="a">77 v.</subfield></datafield><datafield ind1=" " ind2=" " tag="310"><subfield code="a">Weekly</subfield></datafield><datafield ind1="0" ind2=" " tag="362"><subfield code="a">Vol. 3, no. 50 (Nov. 16, 1888)-79th yr., no. 46 (Sept. 30, 1965).</subfield></datafield><datafield ind1=" " ind2=" " tag="500"><subfield code="a">Also published in Stratton, Neb., Apr. 17-&lt;Nov. 27, 1891&gt;.</subfield></datafield><datafield ind1=" " ind2=" " tag="580"><subfield code="a">Absorbed: Trenton torpedo, 1890; Republican Valley news, 1891; Republican leader, 1939; Palisade times, 1957; Stratton news, 1957; Culbertson progress, 1965.</subfield></datafield><datafield ind1=" " ind2=" " tag="533"><subfield code="a">Microfilm.</subfield><subfield code="m">1890-1892,1894-1965:[Gaps]</subfield><subfield code="b">Lincoln, Neb. :</subfield><subfield code="c">Nebraska State Historical Society,</subfield><subfield code="d">[1966]-1976.</subfield><subfield code="e">18 microfilm reels ; 35 mm.</subfield></datafield><datafield ind1=" " ind2="0" tag="651"><subfield code="a">Trenton (Neb.)</subfield><subfield code="v">Newspapers.</subfield></datafield><datafield ind1=" " ind2="0" tag="651"><subfield code="a">Hitchcock County (Neb.)</subfield><subfield code="v">Newspapers.</subfield></datafield><datafield ind1=" " ind2="7" tag="655"><subfield code="a">Newspapers.</subfield><subfield code="2">fast</subfield><subfield code="0">(OCoLC)fst01423814</subfield></datafield><datafield ind1=" " ind2="7" tag="651"><subfield code="a">Nebraska</subfield><subfield code="z">Hitchcock County.</subfield><subfield code="2">fast</subfield><subfield code="0">(OCoLC)fst01265377</subfield></datafield><datafield ind1=" " ind2="7" tag="651"><subfield code="a">Nebraska</subfield><subfield code="z">Trenton.</subfield><subfield code="2">fast</subfield><subfield code="0">(OCoLC)fst01256124</subfield></datafield><datafield ind1=" " ind2=" " tag="752"><subfield code="a">United States</subfield><subfield code="b">Nebraska</subfield><subfield code="c">Hitchcock</subfield><subfield code="d">Trenton.</subfield></datafield><datafield ind1=" " ind2=" " tag="752"><subfield code="a">United States</subfield><subfield code="b">Nebraska</subfield><subfield code="c">Hitchcock</subfield><subfield code="d">Stratton.</subfield></datafield><datafield ind1="0" ind2="0" tag="780"><subfield code="t">Trenton Democrat</subfield><subfield code="w">(DLC)sn 95073015</subfield></datafield><datafield ind1="1" ind2="5" tag="780"><subfield code="t">Trenton torpedo</subfield><subfield code="w">(DLC)sn 95073020</subfield></datafield><datafield ind1="1" ind2="5" tag="780"><subfield code="t">Republican Valley news</subfield></datafield><datafield ind1="1" ind2="5" tag="780"><subfield code="t">Republican leader (Trenton, Neb.)</subfield><subfield code="w">(DLC)sn 95073029</subfield></datafield><datafield ind1="1" ind2="5" tag="780"><subfield code="t">Palisade times</subfield><subfield code="w">(DLC)sn 95073013</subfield></datafield><datafield ind1="1" ind2="5" tag="780"><subfield code="t">Stratton news</subfield><subfield code="w">(DLC)sn 95073012</subfield></datafield><datafield ind1="1" ind2="5" tag="780"><subfield code="t">Culbertson progress</subfield><subfield code="w">(DLC)sn 95073024</subfield></datafield><datafield ind1="0" ind2="0" tag="785"><subfield code="t">Hitchcock County news</subfield><subfield code="w">(DLC)sn 95073017</subfield></datafield></record>